
@misc{coneval_medicion,
    author = 'Consejo Nacional de Evaluación de la Política de Desarrollo Social',
    title = 'Medición multidimensional de la pobreza en México: un enfoque de bienestar económico y de derechos sociales',
    url = 'https://www.coneval.org.mx/InformesPublicaciones/FolletosInstitucionales/Documents/Medicion-multidimensional-de-la-pobreza-en-Mexico.pdf'
}

@misc{coneval_folleto,
    author = 'Consejo Nacional de Evaluación de la Política de Desarrollo Social',
    title = 'La medición multidimensional de la pobreza en México: la evaluación y la medición hacen un mejor gobierno',
    url = 'https://www.coneval.org.mx/Informes/Coordinacion/Publicaciones%20oficiales/FOLLETO_MEDICION_MULTIDIMENSIONAL.pdf'
}
