
%%%
%%% Articles
%%%

@misc{coneval,
title={CONEVAL},
url={https://www.coneval.org.mx/Paginas/principal.aspx},
author={CONEVAL Consejo Nacional de Evaluación de la Política de Desarrollo Social | CONEVAL}}

@misc{inegi,
title={Instituto Nacional de Estadstica y Geografa (INEGI)},
url={http://www.inegi.org.mx/},
journal={Instituto Nacional de Estadstica y Geografa (INEGI)},
author={Instituto Nacional de Estad}}

@misc{S,
title={S},
author={https://en.wikipedia.org/wiki/S_(programming_language)},
url={https://en.wikipedia.org/wiki/S_(programming_language)}}

@misc{R,
title={R},
author={https://www.r-project.org/},
url={https://www.r-project.org/}}

@misc{SQL,
title={SQL},
author={https://es.wikipedia.org/wiki/SQL},
url={https://es.wikipedia.org/wiki/SQL}}

@misc{PostgreSQL,
title={PostgreSQL},
author={https://www.postgresql.org/},
url={https://www.postgresql.org/}}

@misc{Athena,
title={Athena},
author={https://aws.amazon.com/athena/},
url={https://aws.amazon.com/athena/}}

@misc{Apache,
title={Apache},
author={https://www.apache.org/},
url={https://www.apache.org/}}

@misc{Hadoop,
title={Hadoop},
author={https://es.wikipedia.org/wiki/Apache_Hadoop},
url={https://es.wikipedia.org/wiki/Apache_Hadoop}}

@misc{Postgres,
title={Postgres},
author={https://es.wikipedia.org/wiki/PostgreSQL},
url={https://es.wikipedia.org/wiki/PostgreSQL}}
